@article{Aguiar2015,
author  = "Aguiar, Mark and Amador, Manuel and Farhi, Emmanuel and Gopinath, Gita",
journal = "Quarterly Journal of Economics",
number  = "4",
pages   = "1727--1779",
title   = "Coordination and Crisis in Monetary Unions*",
volume  = "130",
year    = "2015"
}

@article{Akram2009,
author  = "Akram, Farooq",
journal = "Energy Economics",
number  = "6",
pages   = "838--851",
title   = "Commodity prices, interest rates and the dollar",
volume  = "31",
year    = "2009"
}

@book{Albert2009,
author  = "Albert, Jim",
isbn    = "9780387922973",
pages   = "304",
title   = "Bayesian computation with R",
year    = "2009"
}

@article{Alquist2010,
author  = "Alquist, Ron and Kilian, Lutz",
journal = "Journal of Applied econometrics",
number  = "February",
pages   = "539--573",
title   = "What Do We Learn From the Price of Crude Oil Futures?",
volume  = "573",
year    = "2010"
}

@incollection{AlquistKilian2013,
author  = "Alquist, Ron and Kilian, Lutz and Vigfusson, Robert",
title   = "Forecasting the Price of Oil",
editor  = "Elliot, Graham and Timmermann, Allan",
booktitle   = "Handbook of Economic Forecasting",
publisher   = "North-Holland",
address = "Amsterdam",
year    = "2013"
}

@article{Altissimo2009,
author  = "Altissimo, Filippo and Mojon, Benoit and Zaffaroni, Paolo",
journal = "Journal of Monetary Economics",
number  = "2",
pages   = "231--241",
title   = "Can aggregation explain the persistence of inflation?",
volume  = "56",
year    = "2009"
}

@article{Alvarez2011,
author  = "Luis {\'A}lvarez and Samuel Hurtado and Isabel S{\'a}nchez and Carlos Thomas",
title   = "The impact of oil price changes on {{S}}panish and euro area consumer price inflation",
year    = "2011",
journal = "Economic Modelling",
volume  = "28",
pages   = "422--431"
}

@article{Amano1998,
author  = "Amano, Robert and {Van Norden}, Simon",
journal = "Review of International Economics",
number  = "4",
pages   = "683--694",
title   = "Exchange Rates and Oil Prices",
volume  = "6",
year    = "1998"
}

@book{And79,
title   = "Optimal Filtering",
address   = "Englewood Cliffs (N.J.)",
publisher = "Prentice Hall",
year      = "1979",
author    = "Brian D.O. Anderson and John B. Moore",
pages     = "357"
}

@article{Archanskaia2012,
author  = "Elizaveta Archanska\"{i}a and Jer\^{o}me Creel and Paul Hubert",
title   = "The nature of oil shocks and the global economy",
year    = "2012",
journal = "Energy Policy",
volume  = "42",
pages   = "509--520"
}

@article{AtkensonKehoe1999,
author  = "Andrew Atkeson and Patrick Kehoe",
title   = "Models of Energy Use: Putty-Putty Versus Putty-Clay",
year    = "1999",
journal = "American Economic Review",
volume  = "89",
number  = "4",
pages   = "1028--1043"
}

@article{Bachmeier2011,
author  = "Lance Bachmeier and Inkyung Cha",
title   = "Why Don't Oil Price Shocks Cause inflation? {{E}}vidence from Disaggregate Inflation Data",
year    = "2011",
journal = "Journal of Money, Credit and Banking",
volume  = "43",
number  = "6",
pages   = "1165--1183"
}

@article{Backus2000,
author  = "Backus, David K. and Crucini, Mario J.",
journal = "Review of International Economics",
pages   = "185--213",
title   = "Oil Prices and the terms of trade",
volume  = "50",
year    = "2000"
}

@article{Bai2003,
author  = "Bai, Jushan and Perron, Pierre",
journal = "Journal of Applied Econometrics",
number  = "1",
pages   = "1--22",
title   = "Computation and analysis of multiple structural change models",
volume  = "18",
year    = "2003"
}

@article{Balke2002,
author  = "Nathan Balke and Stephen Brown and Mine Y{\"u}cel",
title   = "Oil Price Shocks and the {{U.S.}} Economy: Where Does the Asymmetry Originate?",
year    = "2002",
journal = "The Energy Journal",
volume  = "23",
number  = "3",
pages   = "27--52"
}

@book{Baltagi2005,
address = "West Sussex PO19 8SQ, England",
author  = "Badi H. Baltagi",
edition = "Third",
pages   = "316",
publisher = "JohnWiley \& Sons Ltd",
title   = "Econometric Analysis of Panel Data",
year    = "2005"
}

@article{Bampinas2015,
author  = "Bampinas, G. and Panagiotidis, T.",
journal = "Studies in Nonlinear Dynamics and Econometrics",
number  = "5",
pages   = "657--668",
title   = "On the relationship between oil and gold before and after financial crisis: linear, nonlinear and time-varying causality testing",
volume  = "19",
year    = "2015"
}

@article{Barigozzi2014,
author  = "Barigozzi, Matteo and Conti, Antonio M. and Luciani, Matteo",
journal = "Oxford Bulletin of Economics and Statistics",
number  = "5",
pages   = "693--714",
title   = "Do euro area countries respond asymmetrically to the common monetary policy?",
volume  = "76",
year    = "2014"
}

@incollection{BarskyKilian2002,
author      = "Robert Barsky and Lutz Kilian",
title       = "Do we really know that oil caused the great stagflation?",
editor      = "Ben Bernanke and Kenneth Rogoff",
booktitle   = "NBER Macroeconomics Annual 2001",
publisher   = "MIT press",
address     = "Cambridge",
year        = "2002"
}

@article{BarskyKilian2004,
author  = "Robert Barsky and Lutz Kilian",
title   = "Oil and the Macroeconomy since the 1970s",
year    = "2004",
journal = "Journal of Economic Perspectives",
volume  = "18",
pages   = "115--134"
}

@article{Basher2012,
author  = "Basher, Syed Abul and Haug, Alfred A. and Sadorsky, Perry",
journal = "Energy Economics",
pages   = "227--240",
title   = "Oil prices, exchange rates and emerging stock markets",
volume  = "34",
year    = "2012"
}

@article{Baumeister2013,
author  = "Christiane Baumeister and Gert Peersman",
title   = "Time-Varying Effects of Oil Supply Shocks on the {{U.S.}} Economy",
year    = "2013",
journal = "American Economic Journal: Macroeconomics",
volume  = "5",
number  = "4",
pages   = "1--28"
}

@article{Baumeister2013b,
author  = "Baumeister, Christiane and Peersman, Gert",
journal = "Journal of Applied econometrics",
pages   = "1087--1109",
title   = "The role of time-varying price elasticities in accounting for volatiltity changes in the crude oil market",
volume  = "28",
year    = "2013"
}

@Article{Baumeister2014,
author  = "Baumeister, Christiane and Kilian, Lutz",
title   = "Real-Time Analysis of Oil Price Risks Using Forecast Scenarios",
journal = "IMF Economic Review",
year    = "2014",
volume  = "62",
number  = "1",
pages   = "119--145",
}

@article{Baumeister2015,
author  = "Baumeister, Christiane and Kilian, Lutz",
journal = "Journal of Business and Economic Statistics",
number  = "2",
pages   = "338--351",
title   = "Forecasting the Real Price of Oil in a Changing World: A Forecast Combination Approach",
volume  = "33",
year    = "2015"
}

@article{Becker2009,
author  = "Becker, Bettina and Hall, Stephen G.",
journal = "Economic Modelling",
number  = "4",
pages   = "788--798",
title   = "How far from the Euro Area? Measuring convergence of inflation rates in Eastern Europe",
volume  = "26",
year    = "2009"
}

@article{Beckmann2013,
author  = "Joscha Beckmann and Robert Czudaj",
journal = "Energy Economics",
pages   = "665--678",
title   = "Is there a homogeneous causality pattern between oil prices and currencies of oil importers and exporters?",
volume  = "40",
year    = "2013"
}

@article{Bekiros2015,
author  = "Bekiros, Stelios and Gupta, Rangan and Paccagnini, Alessia",
journal = "Economics Letters",
pages   = "125--128",
title   = "Oil price forecastability and economic uncertainty",
volume  = "132",
year    = "2015"
}

@article {Bekiros2016,
author  = "Bekiros, Stelios and Paccagnini, Alessia",
title   = "Policy-Oriented Macroeconomic Forecasting with Hybrid DGSE and Time-Varying Parameter VAR Models",
journal = "Journal of Forecasting",
year    = "2016",
note    = "forthcoming"
}

@article{Bernanke1983,
author  = "Ben Bernanke",
title   = "Irreversibility, Uncertainty, and Cyclical Investment",
year    = "1983",
journal = "The Quarterly Journal of Economics",
volume  = "98",
number  = "1",
pages   = "85--106"
}

@article{Bernanke2005,
author  = "Bernanke, Ben S and Boivin, Jean and Eliasz, Piotr",
title   = "Measuring the Effects of Monetary Policy : A Factor-Augmented Vector Autoregressive ( {{FAVAR}} ) Approach",
year    = "2005",
journal = "The Quarterly Journal of Economics",
volume  = "120",
number  = "1",
pages   = "387--422"
}

@article{Bernanke1997,
author  = "Ben Bernanke and Mark Gertler and Mark Watson",
title   = "Systematic Monetary Policy and the Effects of Oil Price Shocks",
year    = "1997",
journal = "Brookings Papers on Economic Activity",
volume  = "1",
pages   = "91--157"
}

@incollection{BlanchardGali2010,
author      = "Olivier Blanchard and Jordi Galí",
title       = "The Macroeconomic Effects of Oil Shock: Why Are the 2000s So Different from the 1970s?",
editor      = "Jordi Galí and Mark Gertler",
booktitle   = "International Dimensions of Monetary Policy",
publisher   = "University of Chicago Press",
address     = "Chicago, IL",
year        = "2010",
pages       = "373--421"
}

@article{Blomberg1995,
author  = "Blomberg, S.B. and Harris, E.",
journal = "Economic Policy Review",
number  = "3",
pages   = "21--38",
title   = "The Commodity-Consumer Price Connection: Fact or Fable?",
volume  = "1",
year    = "1995"
}

@article{Bodenstein2011,
author  = "Bodenstein, Martin and Erceg, Christopher J. and Guerrieri, Luca",
journal = "Journal of International Economics",
number  = "2",
pages   = "168--184",
title   = "Oil shocks and external adjustment",
volume  = "83",
year    = "2011"
}

@article{Bodenstein2012,
author  = "Bodenstein, Martin and Guerrieri, Luca and Kilian, Lutz",
journal = "IMF Economic Review",
number  = "4",
pages   = "470--504",
title   = "Monetary Policy Responses to Oil Price Fluctuations",
volume  = "60",
year    = "2012"
}

@book{Box94,
title       = "Time Series Analysis, Forecasting and Control",
publisher   = "Prentice Hall, Englewood Cliffs",
year        = "1994",
author      = "George Box and Gwilym M. Jenkins and Gregory C. Reinsel",
edition     = "3"
}

@article{Brahmasrene2014,
author  = "Tantatape Brahmasrene and Jui-Chi Huang and Yaya Sissoko",
journal = "Energy Economics",
pages   = "407--412",
title   = "Crude oil prices and exchange rates: Causality, variance decomposition and impulse response",
volume  = "44",
year    = "2014"
}

@incollection{Breitung2004,
author      = "J{\"o}rg Breitung and Ralf Br{\"u}ggemann and Helmut Lutkepohl",
title       = "Structural Vector Autoregressive Modeling and Impulse Responses",
editor      = "Helmut Lutkepohl and Markus Kratzig",
booktitle   = "Applied Time Series Econometrics",
publisher   = "Cambridge University Press",
address     = "Cambridge",
year        = "2004"
}

@article{BrowneCronin2010,
author  = "Frank Browne and David Cronin",
title   = "Commodity prices, money and inflation",
year    = "2010",
journal = "Journal of Economics and Business",
volume  = "62",
pages   = "331--345"
}

@article{Calderon2014,
author  = "Calder\'{o}n, C\'{e}sar and Fuentes, J. Rodrigo",
title   = "Have business cycles changed over the last two decades? {{A}}n empirical investigation",
year    = "2014",
journal = "Journal of Development Economics",
volume  = "109",
month   = "jul",
pages   = "98--123"
}

@article{Cas10,
author    = "Jose Casals and Miguel Jerez and Sonia Sotoca",
title     = "Decomposition of a state-space model with inputs",
journal   = "Journal of Statistical Computation and Simulation",
year      = "2010",
volume    = "80",
number    = "9",
pages     = "979--992"
}

@book{Casals2015,
author  = "Jose Casals and Alfredo Garcia-Hiernaux and Miguel Jerez and Sonia Sotoca and Alexander Trindade",
title   = "State-Space Methods for Time Series Analysis : Theory , Applications , and Software",
year    = "2015"
}

@article{Cashin2004,
author  = "Cashin, Paul and Cespedes, Luis F. and Sahay, Ratna",
journal = "Journal of Development Economics",
pages   = "239--268",
title   = "Commodity currencies and the real exchange rate",
volume  = "75",
year    = "2004"
}

@article{Castro2016,
author  = "Castro, C{\'{e}}sar and Jerez, Miguel and Barge-Gil, Andr{\'{e}}s",
journal = "Energy Economics",
pages   = "389--397",
title   = "The deflationary effect of oil prices in the Euro Area",
volume  = "56",
year    = "2016"
}

@article{Castro2017,
author  = "Castro, C{\'{e}}sar and Jim{\'{e}}nez-Rodr{\'{i}}guez, Rebeca and Poncela, Pilar and Senra, Eva",
journal = "Economia Politica",
number  = "1",
pages   = "55--82",
title   = "A new look at oil price pass-through into inflation: evidence from disaggregated European data",
volume  = "34",
year    = "2017"
}

@article{Castro2017a,
author  = "Castro, C{\'{e}}sar and Jim{\'{e}}nez-Rodr{\'{i}}guez, Rebeca",
journal = "Energy Economics",
pages   = "24--30",
publisher = "Elsevier B.V.",
title   = "Oil price pass-through along the price chain in the euro area",
volume  = "64",
year    = "2017"
}

@article{Cavallo2015,
author  = "Cavallo, Antonella and Ribba, Antonio",
journal = "International Review of Economics and Finance",
pages   = "377--392",
title   = "Common macroeconomic shocks and business cycle fluctuations in Euro area countries",
volume  = "38",
year    = "2015"
}

@article{Chen2003,
author  = "Chen, Yu-chin and Rogoff, Kenneth",
journal = "Journal of International Economics",
number  = "1",
pages   = "133--160",
title   = "Commodity currencies",
volume  = "60",
year    = "2003"
}

@article{Chen2007,
author  = "Shiu-Sheng Chen and Hung Chen",
journal = "Energy Economics",
month   = "may",
number  = "3",
pages   = "390--404",
title   = "Oil prices and real exchange rates",
volume  = "29",
year    = "2007"
}

@article{Chen2009,
author  = "Shiu-Sheng Chen",
title   = "Oil price pass-through into inflation",
year    = "2009",
journal = "Energy Economics",
volume  = "31",
number  = "1",
pages   = "126--133"
}

@article{Chen2010,
author  = "Chen, Yu-chin and Rogoff, Kenneth S and Rossi, Barbara",
journal = "The Quarterly Journal of Economics",
number  = "3",
pages   = "1145--1194",
title   = "Can exchange rates forecast commodity prices?",
volume  = "125",
year    = "2010"
}

@article{Chinn2004,
author  = "Chinn, Menzie and Leblanc, Michael",
journal = "Business Economics",
number  = "2",
pages   = "38--48",
title   = "Do High Oil Prices Presage Inflation ?",
volume  = "39",
year    = "2004"
}

@article{Clarida1994,
author  = "Clarida, Richard and Gali, Jordi",
journal = "Carnegie-Rochester Confer. Series on Public Policy",
number  = "C",
pages   = "1--56",
title   = "Sources of real exchange-rate fluctuations: How important are nominal shocks?",
volume  = "41",
year    = "1994"
}

@article{Clark2006,
author  = "Clark, Todd",
journal = "Journal of Applied Econometrics",
number  = "21",
pages   = "563--587",
title   = "DISAGGREGATE EVIDENCE ON THE PERSISTENCE OF CONSUMER PRICE INFLATION",
volume  = "587",
year    = "2006"
}

@article{ClarkTerry2009,
author  = "Todd Clark and Stephen Terry",
title   = "Time Variation in the Inflation Pass-through of Energy Prices",
year    = "2010",
journal = "Journal of Money Credit and Bank",
volume  = "42",
number  = "7",
pages   = "1419--1433"
}

@article{Coudert2016,
author  = "Coudert, Virginie and Mignon, Val{\'{e}}rie",
journal = "Energy Policy",
pages   = "147--157",
title   = "Reassessing the empirical relationship between the oil price and the dollar",
volume  = "95",
year    = "2016"
}

@article{CraggDonald1993,
author  = "Cragg,John G. and Donald,Stephen G.",
title   = "Testing Identifiability and Specification in Instrumental Variable Models",
journal = "Econometric Theory",
volume  = "9",
issue   = "02",
month   = "4",
year    = "1993",
pages   = "222--240"
}

@book{Cryer2008,
author  = "Cryer, Jonathan and Chan, Kung-Sik",
edition = "Second edi",
publisher = "Springer",
title   = "Time Series Analysis With Applications in R",
year    = "2008"
}

@article{Breitenfellner2008,
author  = "Andreas Breitenfellner and Jesus Crespo Cuaresma",
journal = "Monetary Policy {\&} the Economy",
title   = "Crude oil prices and the {USD/EUR} exchange rate",
year    = "2008",
pages   = "102--121"
}

@article{Currie2015,
author  = "Currie, Jeffrey and Courvalin, Damien and Banerjee, Abhisek and Ohana, Raquel and Hinds, Michael",
journal = "Goldman Sachs",
title   = "Lower for even longer",
volume  = "September",
year    = "2015"
}

@article{DavisHaltiwanger2001,
author  = "Steven Davis and John Haltiwanger",
title   = "Sectoral job creation and destruction responses to oil price changes",
year    = "2001",
journal = "Journal of Monetary Economics",
volume  = "48",
number  = "3",
pages   = "465--512"
}

@article{DeGregorio2007,
author  = "Jos{\'{e}} DeGregorio and Oscar Landerretche and Christopher Neilson and Christian Broda and Roberto Rigobon",
title   = "Another Pass-through Bites the Dust? {{O}}il Prices and Inflation",
year    = "2007",
journal = "Economia",
volume  = "7",
number  = "2",
pages   = "155-208"
}

@article{Negro2013,
author  = "{Del Negro}, Marco and Primiceri, Giorgio E",
journal = "The Review of Economic Studies",
number  = "4",
pages   = "1342--1345",
title   = "Time-varying structual vector autoregressions and monetary policy: A corrigendum",
volume  = "82",
year    = "2015"
}

@article{DiksPachenko2006,
author  = "Cees Diks and Valentyn Panchenko",
journal = "Journal of Economic Dynamics and Control",
pages   = "1647--1669",
title   = "A new statistic and practical guidelines for nonparametric Granger causality testing",
volume  = "30",
year    = "2006"
}

@TechReport{ecb2004,
author  = "Benalal, Nicholai and Diaz del Hoyo, Juan Luis and Landau, Bettina and Roma, Moreno and Skudelny, Frauke",
title   = "To aggregate or not to aggregate? Euro area inflation forecasting",
year    = "2004",
month   = "Jul",
institution = "European Central Bank",
type    = "Working Paper Series",
number  = "0374",
}

@article{ECB2010,
author  = "ECB",
title   = "Energy Markets and the Euro Area Macroeconomy",
year    = "2010",
journal = "ECB Occasional Paper. No. 113",
month   = "June"
}

@article{EdelsteinKilian2007,
author  = "Paul Edelstein and Lutz Kilian",
title   = "The Response of Business Fixed Investment to Changes in Energy Prices: A Test of Some Hypotheses about the Transmission of Energy Price Shocks",
year    = "2007",
journal = "The B.E. Journal of Macroeconomics",
volume  = "7",
number  = "1"
}

@article{EdelsteinKilian2009,
author  = "Paul Edelstein and Lutz Kilian",
title   = "How sensitive are consumer expenditures to retail energy prices?",
year    = "2009",
journal = "Journal of Monetary Economics",
volume  = "56",
number  = "6",
pages   = "766--779"
}

@book{Enders2006,
author    = "Walter Enders",
title     = "Applied Econometric Time Series",
publisher = "John Wiley",
year      = "1995"
}

@article {Espasa2007,
author  = "Espasa, Antoni and Albacete, Rebeca",
title   = "Econometric modelling for short-term inflation forecasting in the euro area",
journal = "Journal of Forecasting",
volume  = "26",
number  = "5",
publisher = "John Wiley & Sons, Ltd.",
issn    = "1099-131X",
pages   = "303--316",
year    = "2007",
}

@article{Espasa2002,
author  = "Antoni Espasa and Eva Senra and Rebeca Albacete",
journal = "The European Journal of Finance",
number  = "4",
pages   = "402--421",
title   = "Forecasting inflation in the European Monetary Union: A disaggregated approach by countries and by sectors.",
volume  = "8",
year    = "2002"
}

@article{Espasa2013,
title   = "Forecasting aggregates and disaggregates with common features ",
journal = "International Journal of Forecasting ",
volume  = "29",
number  = "4",
pages   = "718 - 732",
year    = "2013",
author  = "Antoni Espasa and Iv{\'{a}}n Mayo-Burgos",
}

@article{Ferraro2015,
author  = "Ferraro, Domenico and Rogoff, Ken and Rossi, Barbara",
journal = "Journal of International Money and Finance",
pages   = "116--141",
title   = "Can oil prices forecast exchange rates? An empirical analysis of the relationship between commodity prices and exchange rates",
volume  = "54",
year    = "2015"
}

@article{Ferrucci2012,
author  = "Ferrucci, Gianluigi and Jim{\'{e}}nez-Rodr{\'{\i}}guez, Rebeca and Onorante, Luca",
journal = "International Journal of Central Banking",
number  = "1",
pages   = "179--217",
title   = "Food price pass-through in the euro area: Non-linearities and the role of the common agricultural policy",
volume  = "8",
year    = "2012"
}

@article{Foresti2017,
author  = "Foresti, Pasquale",
journal = "Journal of Economic Surveys",
number  = "0",
pages   = "1--23",
title   = "Monetary and Fiscal Policies Interaction in Monetary Unions",
volume  = "00",
year    = "2017"
}

@article{Fratzscher2014,
author  = "Fratzscher, Marcel and Schneider, Daniel and Robays, Ine Van",
journal = "ECB Working Paper Series",
number  = "1689",
title   = "Oil prices, exchange rates and asset prices",
year    = "2014"
}

@article{Fukunaga2010,
author  = "Fukunaga, Ichiro and Hirakata, Naohisa and Sudo, Nao",
journal = "NBER Working Paper",
title   = "The Effects of Oil Price Changes on the Industry-Level Production and Prices in the {{U.S.}} and Japan",
number  = "{{No. 15791}}",
year    = "2010"
}

@article{Gao2014,
author  = "Gao, Liping and Kim, Hyeongwoo and Saba, Richard",
journal = "Energy Economics",
pages   = "313--323",
title   = "How do oil price shocks affect consumer prices?",
volume  = "45",
year    = "2014"
}

@article{GillmanNakov2009,
author  = "Max Gillman and Anton Nakov",
title   = "Monetary effects on nominal oil prices",
year    = "2009",
journal = "North American Journal of Economics and Finance",
volume  = "20",
pages   = "239--254"
}

@article{Golub1983,
author  = "Stephen S. Golub",
journal = "The Economic Journal",
number  = "371",
pages   = "576--593",
title   = "Oil Prices and Exchange Rates",
volume  = "93",
year    = "1983"
}

@article{GomezGadea2011,
author  = "Ana Gómez-Loscos and María Dolores Gadea and Antonio Montañez",
title   = "Economic growth, inflation and oil shocks: are the 1970s coming back?",
year    = "2011",
journal = "Applied Economics",
volume  = "44",
number  = "35",
pages   = "4575--4589"
}

@article{Gopinath2010,
author  = "Gopinath, Gita and Itskhoki, Oleg",
journal = "The Quarterly Journal of Economics",
number  = "2",
pages   = "675--727",
title   = "Frequency of price adjustment and pass-through",
volume  = "125",
year    = "2010"
}

@article{Granger1969,
author  = "C. W. J. Granger",
title   = "Investigating Causal Relations by Econometric Models and Cross-spectral Methods",
journal = "Econometrica",
year    = "1969",
volume  = "37",
number  = "3",
pages   = "424--438"
}

@article{Gribble2016,
author  = "Gribble, Paul",
pages   = "1--11",
title   = "Maximum Likelihood Estimation ( MLE ) Introduction to Statistics Using R ( Psychology 9041B )",
year    = "2016"
}

@article{Grunfeld1960,
author  = "Yehuda Grunfeld and Zvi Griliches",
journal = "The Review of Economics and Statistics",
number  = "1",
pages   = "1-13",
publisher = "The MIT Press",
title   = "Is Aggregation Necessarily Bad?",
volume  = "42",
year    = "1960"
}

@article{Juvenal2011,
author  = "Juvenal, Luciana",
journal = "Journal of International Financial Money and Finance",
pages   = "849--876",
title   = "Sources of exchange rate fluctuations: Are they real or nominal?",
volume  = "30",
year    = "2011"
}

@article{Habib2016,
author  = "Habib, Maurizio Michael and Butzer, Sascha and Stracca, Livio",
journal = "IMF Economic Review",
number  = "3",
title   = "Global Exchange Rate Configurations: Do Oil Shocks Matter?",
volume  = "64",
year    = "2016",
pages   = "443--470"
}

@article{Hahn2003,
author  = "Elke Hahn",
title   = "Pass-through of external shocks to euro area inflation",
year    = "2003",
journal = "ECB Working Paper Series",
volume  = "243"
}

@article{Hamilton1983,
author  = "James Hamilton",
title   = "Oil and the macroeconomy since World War {{II}}",
year    = "1983",
journal = "Journal of Political Economy",
volume  = "91",
number  = "2",
pages   = "228--248"
}

@article{Hamilton1985,
author  = "James Hamilton",
title   = "Historical Causes of Postwar Oil Shocks and Recessions",
year    = "1985",
journal = "The Energy Journal",
volume  = "6",
pages   = "97--116"
}

@article{Hamilton1988,
author  = "James Hamilton",
title   = "A Neoclassical Model of Unemployment and the Business Cycle",
year    = "1988",
journal = "Journal of Political Economy",
volume  = "96",
number  = "3",
pages   = "593--617"
}

@book{Hamilton1994,
  title={Time Series Analysis},
  author={Hamilton, J.D.},
  isbn={9780691042893},
  lccn={lc93004958},
  url={https://books.google.es/books?id=B8\_1UBmqVUoC},
  year={1994},
  publisher={Princeton University Press}
}

@article{Hamilton1996,
author  = "James Hamilton",
title   = "This is What Happened to the Oil Price-Macroeconomy Relationship",
year    = "1996",
journal = "Journal of Monetary Economics",
volume  = "38",
number  = "2",
pages   = "215--220"
}

@article{Hamilton2003,
author  = "James Hamilton",
title   = "What is an oil shock?",
year    = "2003",
journal = "Journal of Econometrics",
volume  = "113",
number  = "2",
pages   = "363--398"
}

@article{HamiltonHerrera2004,
author  = "James Hamilton and Ana Maria Herrera",
title   = "Oil Shocks and Aggregate Macroeconomic Behavior: The Role of Monetary Policy",
year    = "2004",
journal = "Journal of Money, Credit and Banking",
volume  = "36",
number  = "2",
pages   = "265--286"
}

@unpublished{Hamilton2008,
author  = "James D. Hamilton",
booktitle = "NBER WORKING PAPER SERIES",
institution = "National Bureau of Economic Research",
series  = "Working Paper",
title   = "Understanding Crude Oil Prices",
year    = "2008"
}

@article{Hamilton2009a,
author  = "James Hamilton",
title   = "Understanding Crude Oil Prices",
year    = "2009",
journal = "Energy Journal",
volume  = "30",
number  = "2",
pages   = "179--206"
}

@article{Hamilton2009,
author  = "James Hamilton",
title   = "Causes and Consequences of the Oil Shock of 2007-08",
year    = "2009",
journal = "Brookings Papers on Economic Activity",
volume  = "1",
pages   = "215--261"
}

@article{Hausman1978,
author  = "Hausman, Jerry",
journal = "Econometrica",
number  = "6",
pages   = "1251--1271",
title   = "Specification tests in econometrics",
volume  = "46",
year    = "1978"
}

@article{Hendry2011,
author  = "Hendry, David F and Hubrich, Kirstin",
journal = "Journal of Business \& Economic Statistics",
number  = "2",
volume  = "29",
title   = "Combining disaggregate forecasts or combining disaggregate information to forecast an aggregate",
year    = "2011"
}

@article{Herrera2006,
author  = "Herrera, Ana María",
journal = "Mimeo",
title   = "Oil Price Shocks and Macroeconomic Dynamics: The Role of Inventories",
year    = "2006"
}

@article{HerreraPesavento2009,
author  = "Ana María Herrera and Elena Pesavento",
title   = "Oil Price Shocks, Systematic Monetary Policy, and the Great Moderation",
year    = "2009",
journal = "Macroeconomic Dynamics",
volume  = "13",
number  = "1",
pages   = "107--137"
}

@article{Herrera2011,
author  = "Ana María Herrera and Latika Gupta Lagalo and Tatsuma Wada",
journal = "Macroeconomic Dynamics",
number  = "S3",
pages   = "472--497",
title   = "Oil Price Shocks and Industrial Production: Is the Relationship Linear?",
volume  = "15",
year    = "2011"
}

@article {Hiemstra1994,
author =  "Hiemstra, Craig and Jones, Jonathan D.",
title =   "Testing for Linear and Nonlinear Granger Causality in the Stock Price-Volume Relation",
journal = "The Journal of Finance",
volume =  "49",
number =  "5",
publisher = "Blackwell Publishing Ltd.",
pages =   "1639--1664",
year =    "1994",
}

@article{Hooker1996a,
author  = "Mark Hooker",
title   = "What happened to the oil price-macroeconomy relationship?",
year    = "1996",
journal = "Journal of Monetary Economics",
volume  = "38",
number  = "2",
pages   = "195--213"
}

@article{Hooker2002,
author  = "Mark Hooker",
title   = "Are Oil Shocks Inflationary? Asymmetric and Nonlinear Specifications versus Changes in Regime",
year    = "2002",
journal = "Journal of Money, Credit and Banking",
volume  = "34",
number  = "2",
pages   = "540--561"
}

@article{Hubrich2005,
author  = "Hubrich, Kirstin",
institution = "European Central Bank",
journal = "International Journal of Forecasting",
number  = "1",
pages   = "119--136",
title   = "Forecasting euro area inflation: Does aggregating forecasts by HICP component improve forecast accuracy",
volume  = "21",
year    = "2005"
}

@article{Jimenez2005,
author  = "Rebeca Jiménez-Rodríguez and Marcelo Sánchez",
title   = "Oil price shocks and real GDP growth: empirical evidence for some OECD countries",
journal = "Applied Economics",
volume  = "37",
number  = "2",
pages   = "201-228",
year    = "2005"
}

@article{Jimenez2008,
author  = "Rebeca Jiménez-Rodríguez",
journal = "Energy Economics",
number  = "6",
pages   = "3095--3108",
title   = "The impact of oil price shocks: Evidence from the industries of six {{OECD}} countries",
volume  = "30",
year    = "2008"
}

@article{Karanasos2016,
author  = "Karanasos, M. and Koutroumpis, P. and Karavias, Y. and Kartsaklas, A. and Arakelian, V.",
journal = "Journal of Empirical Finance",
pages   = "241--253",
title   = "Inflation convergence in the EMU",
volume  = "39",
year    = "2016"
}

@article{KeanePrasad1996,
author  = "Michael Keane and Eswar Prasad",
title   = "The Employment and Wage Effects of Oil Price Changes: A Sectoral Analysis",
year    = "1996",
journal = "The Review of Economics and Statistics",
volume  = "78",
number  = "3",
pages   = "389--400"
}

@article{Kilian2008a,
author  = "Lutz Kilian",
title   = "Exogenous Oil Supply Shocks: How Big Are They and How Much Do They Matter for the {{U.S.}} Eonomy?",
year    = "2008",
journal = "Review of Economics and Statistics",
volume  = "90",
number  = "2",
pages   = "216--240"
}

@article{Kilian2008b,
author  = "Kilian, Lutz",
journal = "Journal of the European Economic Association",
number  = "March",
pages   = "78--121",
title   = "A comparison of the effects of exogenous oil supply shocks on output and inflation in the {{G7}} countries",
volume  = "6",
year    = "2008"
}

@article{Kilian2008c,
author  = "Lutz Kilian",
title   = "The Economic Effects of Energy Price Shocks",
year    = "2008",
journal = "Journal of Economic Literature",
volume  = "46",
number  = "4",
pages   = "871--909"

@article{Kilian2009,
author  = "Lutz Kilian",
title   = "Not All Oil Price Shocks Are Alike: Disentangling Demand and Supply Shocks in the Crude Oil Market",
year    = "2009",
journal = "American Economic Review",
volume  = "99",
number  = "3",
pages   = "1053--1069"
}

@article{KilianPark2009,
author  = "Lutz Kilian and Cheolbeom Park",
journal = "International Economic Review",
title   = "The Impact of Oil Price Shocks on the US Stock Market*",
year    = "2009",
number  = "50",
pages   = "1267--1287"
}

@article{KilianLewis2011,
author  = "Lutz Kilian and Logan Lewis",
title   = "Does the {{FED}} respond to oil price shocks?",
year    = "2011",
journal = "The Economic Journal",
volume  = "121",
number  = "555",
pages   = "1047--1072"
}

@article{KilianVega2011,
author  = "Lutz Kilian and Clara Vega",
title   = "Do Energy Prices Respond to {{U.S.}} Macroeconomics News? A Test of the Hypothesis of Predetermined Energy Prices",
year    = "2011",
journal = "The Review of Economics and Statistics",
volume  = "93",
number  = "2",
pages   = "660--671"
}

@article{Kilian2014,
author  = "Lutz Kilian",
journal = "Annual Review of Resource Economics",
pages   = "133--154",
title   = "Oil Price Shocks: Causes and Consequences",
year    = "2014",
volume  = "6"
}

@article{Kose2012,
author  = "Kose, Ayhan and Otrok, Christopher and Prasad, Eswar",
title   = "Global business cycles: convergence or decoupling?",
year    = "2012",
journal = "International Economic Review",
volume  = "53",
number  = "2",
pages   = "511--538"
}

@incollection{Krugman1983,
author  = "Paul Krugman",
title   = "Oil and the dollar",
editor  = "Jagdeep S. Bhandari and Bluford H. Putnam",
booktitle   = "Economic interdependence and flexible exchange rates",
publisher   = "MIT Press",
address = "Cambridge",
year    = "1983"
}

@book{Kruschke2015,
author  = "Kruschke, John",
pages   = "749",
title   = "Doing Bayesian Data Analysis",
year    = "2015"
}

@article{Leduc2004,
author  = "Sylvain Leduc and Keith Sill",
title   = "A quantitative analysis of oil-price shocks, systematic monetary policy, and economic downturns",
year    = "2004",
journal = "Journal of Monetary Economics",
volume  = "51",
number  = "4",
pages   = "781--808"
}

@article{LeeNi2002,
author  = "Kiseok Lee and Shawn Ni",
title   = "On the dynamic effects of oil price shocks: a study using industry level data",
year    = "2002",
journal = "Journal of Monetary Economics",
volume  = "49",
number  = "4",
pages   = "823--852"
}

@article{Lee2010,
author  = "Lee, David S. and Lemieux, Thomas",
journal = "Journal of economic literature",
number  = "2",
pages   = "281--355",
title   = "Regression Discontinuity Designs in Economics",
volume  = "48",
year    = "2010"
}


@article{Lescaroux2008,
author  = "Fran´{\c{c}}ois Lescaroux and Valérie Mignon",
title   = "On the influence of oil prices on economic activity and other macroeconomic and financial variables",
year    = "2008",
journal = "OPEC Energy Review",
volume  = "32",
number  = "4",
pages   = "343--380"
}

@incollection{Lippi1990,
author  = "Marco Lippi and Mario Forni",
title   = "On the dynamic specification of aggregated models",
editor  = "Terry Barker and M. Hashem Pesaran",
booktitle   = "Disaggregation in Econometric Modelling",
publisher   = "Routledge",
address = "Cambridge",
year    = "1990"
}

@article{Lizardo2010,
author  = "Lizardo, Radham{\'e}s A. and Mollick, Andr{\'e} V.",
journal = "Energy Economics",
number  = "2",
pages   = "399--408",
title   = "Oil price fluctuations and {{U.S.}} dollar exchange rates",
volume  = "32",
year    = "2010"
}

@article{Liu1982,
author  = "Lon-Mu Liu and Dominique Hanssens",
title   = "Identification of Multiple-Input Transfer Function Models",
year    = "1982",
journal = "Communications in Statistics-Theory and Methods",
volume  = "11",
number  = "3",
pages   = "297--314"
}

@book{Liu1992,
author    = "Lon-Mu Liu and Gregory Hudak and George E. P. Box and Mervin Muller and George C. Tiao",
title     = " Forecasting and Time Series Analysis Using the {{SCA}} Statistical System: Volume 1",
publisher = "Scientific Computing Associates Corp",
year      = "1992"
}

@article{Lizardo2010,
journal = "Energy Economics",
number  = "2",
pages   = "399--408",
title   = "Oil price fluctuations and U.S. dollar exchange rates",
volume  = "32",
year    = "2010"
}

@article{Lopez2012,
author  = "Lopez, Claude and Papell, David H.",
journal = "Journal of International Financial Money and Finance",
pages   = "1440--1458",
title   = "Convergence of euro area inflation rates",
volume  = "31",
year    = "2012"
}

@incollection{Lutkepohl2004,
author      = "Helmut Lutkepohl",
title       = "Vector Autoregressive and Vector Error Correction Models",
editor      = "Helmut Lutkepohl and Markus Kratzig",
booktitle   = "Applied Time Series Econometrics",
publisher   = "Cambridge University Press",
address     = "Cambridge",
year        = "2004"
}

@article{Mandal2012,
author  = "Kumarjit Mandal and Indranil Bhattacharyy and Binod B. Bhoi",
title   = "Is the oil price pass-through in India any different?",
year    = "2012",
journal = "Journal of Policy Modeling",
volume  = "34",
number  = "6",
pages   = "832--848"
}

@mastersthesis{Melichar2013,
author  = "Mark Alan Melichar",
title   = "Essays on the Macroeconomic Effects of Energy Price Shocks",
school  = "Kansas State University",
type    = "thesis",
year    = "2013"
}

@article{Mork1989,
author  = "Knut Mork",
title   = "Oil and the Macroeconomy When Prices Go Up and Down: An Extension of Hamilton's Results",
year    = "1989",
journal = "Journal of Political Economy",
volume  = "97",
number  = "3"
pages   = "740--744"
}

@article{Mumtaz2009,
author  = "Haroon Mumtaz and Paolo Surico",
title   = "The Transmission of International Shocks: A Factor-Augmented {{VAR}} Approach",
year    = "2009",
journal = "Journal of Money, Credit and Banking",
volume  = "41",
month   = "feb",
number  = "1",
pages   = "71--100"
}

@article{Munoz2015,
author  = "Mu{\~{n}}oz, Beatriz and Garc{\'{i}}a-Verdugo, Javier and San-Mart{\'{i}}n, Enrique",
journal = "Energy",
pages   = "479--500",
title   = "Quantifying the geopolitical dimension of energy risks: A tool for energy modelling and planning",
volume  = "82",
year    = "2015"
}

@article{Nijman1996,
title   = "Marginalization and contemporaneous aggregation in multivariate GARCH processes ",
journal = "Journal of Econometrics ",
volume  = "71",
number  = "1--2",
pages   = "71--87",
year    = "1996",
author  = "Theo Nijman and Enrique Sentana",
}

@article{Ogrokhina2015,
author  = "Ogrokhina, Olena",
journal = "Journal of International Money and Finance",
pages   = "55--74",
publisher = "Elsevier Ltd",
title   = "Market integration and price convergence in the European Union",
volume  = "56",
year    = "2015"
}

@article{OCSB1988,
author  = "Denise Osborn and A.P.L. Chui and Jeremy Smith and C.R. Birchenhall",
title   = "Seasonality and the order of integration for consumption",
year    = "1988",
journal = "Oxford Bulletin of Economics and Statistics",
volume  = "50",
number  = "4",
pages   = "361--377"
}

@article{Pesaran1989,
author  = "M. H. Pesaran and R. G. Pierse and M. S. Kumar",
journal = "Econometrica",
number  = "4",
pages   = "861-888",
publisher = "[Wiley, Econometric Society]",
title   = "Econometric Analysis of Aggregation in the Context of Linear Prediction Models",
volume  = "57",
year    = "1989"
}

@article{Pesaran1998,
author  = "Pesaran, M. Hashem and Shin, Yongcheol",
journal = "Economics Letters",
number  = "1",
pages   = "17--29",
title   = "Generalized Impulse Response Analysis in Linear Multivariate Models",
volume  = "58",
year    = "1998"
}

@book{Petris2009,
author  = "Petris, G. and Petrone, S. and Campagnoli, P.",
pages   = "258",
title   = "Dynamic Linear Models with {{R}}",
year    = "2009"
}

@article{Pfaff2008,
author  = "Bernard Pfaff",
title   = "{{VAR, SVAR}} and {{SVEC}} Models: Implementation Within {{R}} Package vars",
year    = "2008",
journal = "Journal of Statistical Software",
volume  = "27",
number  = "4",
pages   = "1--32"
}

@article{Primiceri2005,
author  = "Primiceri, Giorgio E",
journal = "The Review of Economic Studies",
number  = "3",
pages   = "821--852",
title   = "Time Varying Structural Vector Autoregressions and monetary policy",
volume  = "72",
year    = "2005"
}

@article{Rafiq2014,
author  = "Sohrab Rafiq",
title   = "What Do Energy Prices Tell Us About {{U.K.}} Inflation?",
year    = "2014",
journal = "Economica",
volume  = "28",
number  = "322",
pages   = "293--310"
}

@article{Ramaswamy1998,
 author = {Ramana Ramaswamy and Torsten Sløk},
 journal = {Staff Papers (International Monetary Fund)},
 number = {2},
 pages = {374-396},
 publisher = {Palgrave Macmillan Journals},
 title = {The Real Effects of Monetary Policy in the European Union: What Are the Differences?},
 volume = {45},
 year = {1998}
}

@article{Ramcharran2002,
author  = "Ramcharran, Harri",
journal = "Energy Economics",
number  = "2",
pages   = "97--106",
title   = "Oil production responses to price changes: An empirical application of the competitive model to {{OPEC}} and non-{{OPEC}} countries",
volume  = "24",
year    = "2002"
}

@article{Reboredo2012,
author  = "Juan Reboredo",
journal = "Journal of Policy Modeling",
pages   = "419--440",
title   = "Modelling oil price and exchange rate co-movements",
volume  = "34",
year    = "2012"
}

@article{Riggi2015,
author  = "Riggi, Marianna and Venditti, Fabrizio",
journal = "Journal of Economic Dynamics and Control",
pages   = "75--94",
title   = "The time varying effect of oil price shocks on euro-area exports",
volume  = "59",
year    = "2015"
}

@article{RotembergWoodford1996,
author  = "Julio Rotemberg and Michael Woodford",
title   = "Imperfect Competition and the Effects of Energy Price Increases on Economic Activity",
year    = "1996",
journal = "Journal of Money, Credit, and Banking",
volume  = "28",
number  = "4",
pages   = "549--577"
}

@article{Rumler2012,
author  = "Rumler, Fabio",
journal = "Monetary Policy and the Economy",
pages   = "92--104",
title   = "The Pass-Through of Commodity Prices to Consumer Prices of Selected Products",
year    = "2012"
}

@article{Segal2011,
author  = "Segal, Paul",
journal = "Oxford Review of Economic Policy",
number  = "1",
pages   = "169--185",
title   = "Oil Price Shocks and the Macroeconomy",
volume  = "27",
year    = "2011"
}

@article{Sims1990,
 author = {Christopher A. Sims and James H. Stock and Mark W. Watson},
 journal = {Econometrica},
 number = {1},
 pages = {113-144},
 publisher = {[Wiley, Econometric Society]},
 title = {Inference in Linear Time Series Models with some Unit Roots},
 volume = {58},
 year = {1990}
}

@article{Staiger1997,
author  = "Staiger, Douglas and Stock, James H.",
journal = "Econometrica",
number  = "3",
pages   = "557--586",
title   = "Instrumental Variables Regression with Weak Instruments",
volume  = "65",
year    = "1997"
}

@book {Stock2003,
	title = {Introduction to Econometrics},
	year = {2003},
	publisher = {Prentice Hall},
	organization = {Prentice Hall},
	address = {New York},
	author = {James Stock and Mark W. Watson}
}

@incollection{StockYogo2005,
author    ="James H. Stock and Motohiro Yogo",
title     ="Testing for Weak Instruments in Linear IV Regression",
editor    = "Donald W. K. Andrews and James H. Stock",
booktitle = "Identification and Inference for Econometric Models",
publisher = "Cambridge University Press",
year      = "2005"
}

@book{theil1954,
title   = "Linear aggregation of economic relations",
author  = "Theil, H.",
series  = "Contributions to economic analysis",
year    = "1954",
publisher = "North-Holland Pub. Co."
}

@article{Trehan1986,
author  = "Trehan, Bharat",
journal = "Economic Review",
title   = "Oil prices, exchange rates and the {U.S.} economy: An empirical investigation",
volume  = "4",
year    = "1986",
pages   = "25--43"
}

@book{Tsay2014,
author  = "Tsay, Ruey S.",
title   = "Multivariate Time Series Analysis with {{R}} and Financial Applications",
year    = "2014"
}

@article{Valcarcel2013,
author  = "Valcarcel, Victor J. and Wohar, Mark E.",
journal = "Journal of Economics and Business",
pages   = "24--42",
title   = "Changes in the oil price-inflation pass-through",
volume  = "68",
year    = "2013"
}

article{Vasishtha2013,
author  = "Vasishtha, Garima and Maier, Philipp",
title   = "The impact of the global business cycle on small open economies: A {{FAVAR}} approach for Canada",
year    = "2013",
journal = "North American Journal of Economics and Finance",
volume  = "24",
month   = jan,
pages   = "191--207"
}

@article{Wang2012,
author  = "Wang, Yudong and Wu, Chongfeng",
journal = "Economic Modelling",
number  = "6",
pages   = "2289--2297",
title   = "Energy prices and exchange rates of the U.S. dollar: Further evidence from linear and nonlinear causality analysis",
volume  = "29",
year    = "2012"
}

@Manual{Xie2015,
title   = "knitr: A General-Purpose Package for Dynamic Report Generation in R",
author  = "Yihui Xie",
year    = "2015",
note    = "R package version 1.10.5",
url     = "http://yihui.name/knitr/"
}

@article{Yoshizaki2014,
author  = "Yasunori Yoshizaki and Shigeyuki Haomori",
title   = "The effects of oil price shocks on expenditure category {{CPI}}",
year= "2014",
journal = "Applied Economics",
volume  = "46",
number  = "14",
pages   = "1652--1664"
}

@article{Yousefi2004,
author  = "Yousefi, Ayoub and Wirjanto, Tony S.",
journal = "Energy Economics",
number  = "5",
pages   = "783--799",
title   = "The empirical role of the exchange rate on the crude-oil price formation",
volume  = "26",
year    = "2004"
}

@article{Zhang2008,
author  = "Zhang, Yue Jun and Fan, Ying and Tsai, Hsien Tang and Wei, Yi Ming",
journal = "Journal of Policy Modeling",
number  = "6",
pages   = "973--991",
title   = "Spillover effect of US dollar exchange rate on oil prices",
volume  = "30",
year    = "2008"
}